<collection xmlns="http://www.loc.gov/MARC21/slim">
<record>
  <leader>01311nam0a2200253 i 450 </leader>
  <controlfield tag="001">IT\ICCU\CNCE\053292</controlfield>
  <controlfield tag="005">20101116000000.0</controlfield>
  <datafield tag="012" ind1=" " ind2=" ">
    <subfield code="a">iate tiai tiai e.mo (C) 1580 (Q)</subfield>
    <subfield code="2">fei</subfield>
  </datafield>
  <datafield tag="100" ind1=" " ind2=" ">
    <subfield code="a">20021011f1580        0itac0103    ba</subfield>
  </datafield>
  <datafield tag="101" ind1=" " ind2=" ">
    <subfield code="a">ITA</subfield>
  </datafield>
  <datafield tag="102" ind1=" " ind2=" ">
    <subfield code="a">IT</subfield>
  </datafield>
  <datafield tag="200" ind1="1" ind2=" ">
    <subfield code="a">℗La ℗rappresentatione di s. Francesco come conuerti tre ladroni nuouamente ristampata</subfield>
  </datafield>
  <datafield tag="210" ind1=" " ind2=" ">
    <subfield code="d">\non dopo il 1580!</subfield>
  </datafield>
  <datafield tag="215" ind1=" " ind2=" ">
    <subfield code="a">\6! c.</subfield>
    <subfield code="c">ill.</subfield>
    <subfield code="d">4ʻ</subfield>
  </datafield>
  <datafield tag="300" ind1=" " ind2=" ">
    <subfield code="a">Inclusa con lettera d&apos;ordine EEE (ma nell&apos;Indice giuntino FFF) ne: ll terzo libro di feste, rappresentationi, et comedie spirituali ...  In Firenze, 1578. - Stampata probabilmente a Firenze. Per il luogo e la data di stampa cfr.:  A. Cioni, Bibliografia delle sacre rappresentazioni, p. 144</subfield>
  </datafield>
  <datafield tag="410" ind1=" " ind2="0">
    <subfield code="1">001IT\ICCU\CNCE\073604</subfield>
    <subfield code="1">2001 </subfield>
    <subfield code="a">Raccolta giuntina</subfield>
  </datafield>
  <datafield tag="500" ind1="1" ind2="1">
    <subfield code="3">IT\ICCU\CNCE\062000</subfield>
    <subfield code="a">Rappresentazione di s. Francesco che converte tre ladroni</subfield>
  </datafield>
  <datafield tag="620" ind1=" " ind2=" ">
    <subfield code="a">IT</subfield>
    <subfield code="d">Firenze</subfield>
  </datafield>
  <datafield tag="712" ind1="0" ind2="2">
    <subfield code="a">s.n.</subfield>
    <subfield code="3">IT\ICCU\CNCT\000002</subfield>
    <subfield code="4">650</subfield>
  </datafield>
  <datafield tag="801" ind1=" " ind2="3">
    <subfield code="a">IT</subfield>
    <subfield code="b">ICCU</subfield>
    <subfield code="c">20201115</subfield>
  </datafield>
  <datafield tag="899" ind1=" " ind2=" ">
    <subfield code="a">Biblioteca nazionale centrale. Firenze</subfield>
    <subfield code="1">FI0098</subfield>
    <subfield code="2">CFI CF</subfield>
  </datafield>
  <datafield tag="899" ind1=" " ind2=" ">
    <subfield code="a">Archivio storico civico e Biblioteca Trivulziana. Milano</subfield>
    <subfield code="1">MI0327</subfield>
    <subfield code="2">LO1 13</subfield>
  </datafield>
  <datafield tag="899" ind1=" " ind2=" ">
    <subfield code="a">Biblioteca dell&apos;Accademia nazionale dei Lincei e Corsiniana. Roma</subfield>
    <subfield code="1">RM0418</subfield>
    <subfield code="2">RML 10</subfield>
  </datafield>
  <datafield tag="899" ind1=" " ind2=" ">
    <subfield code="a">Biblioteca nazionale Marciana. Venezia</subfield>
    <subfield code="1">VE0049</subfield>
    <subfield code="2">VEA BM</subfield>
  </datafield>
</record>
</collection>
